<record><leader>00000cas a22000007a 4500</leader><controlfield tag="001">15301491</controlfield><controlfield tag="008">870311d18841903inuwr ne      0    0eng d</controlfield><datafield ind1=" " ind2=" " tag="010"><subfield code="a">sn 87055449 </subfield></datafield><datafield ind1=" " ind2=" " tag="040"><subfield code="a">NPI</subfield><subfield code="b">eng</subfield><subfield code="c">NPI</subfield><subfield code="d">OCLCQ</subfield><subfield code="d">IUL</subfield><subfield code="d">OCLCF</subfield></datafield><datafield ind1=" " ind2=" " tag="042"><subfield code="a">msc</subfield></datafield><datafield ind1=" " ind2=" " tag="043"><subfield code="a">n-us-in</subfield></datafield><datafield ind1="0" ind2="0" tag="245"><subfield code="a">Wabash times.</subfield></datafield><datafield ind1="3" ind2="0" tag="246"><subfield code="a">Wabash weekly times</subfield></datafield><datafield ind1=" " ind2=" " tag="260"><subfield code="a">Wabash, Ind. :</subfield><subfield code="b">N.G. Hunter,</subfield><subfield code="c">1884-</subfield></datafield><datafield ind1=" " ind2=" " tag="300"><subfield code="a">volumes</subfield></datafield><datafield ind1=" " ind2=" " tag="310"><subfield code="a">Weekly</subfield></datafield><datafield ind1="0" ind2=" " tag="362"><subfield code="a">Vol. 1, no. 1 (May 2, 1884)-</subfield></datafield><datafield ind1="1" ind2=" " tag="362"><subfield code="a">Ceased in Feb. 1903.</subfield></datafield><datafield ind1=" " ind2=" " tag="500"><subfield code="a">"Weekly" in small letters above title ornament, May 2, 1884-Dec. 20, 1889.</subfield></datafield><datafield ind1=" " ind2=" " tag="580"><subfield code="a">Also published in a daily ed. called: Wabash daily times.</subfield></datafield><datafield ind1=" " ind2="0" tag="651"><subfield code="a">Wabash (Ind.)</subfield><subfield code="v">Newspapers.</subfield></datafield><datafield ind1=" " ind2="0" tag="651"><subfield code="a">Wabash County (Ind.)</subfield><subfield code="v">Newspapers.</subfield></datafield><datafield ind1=" " ind2="7" tag="655"><subfield code="a">Newspapers.</subfield><subfield code="2">fast</subfield><subfield code="0">(OCoLC)fst01423814</subfield></datafield><datafield ind1=" " ind2="7" tag="651"><subfield code="a">Indiana</subfield><subfield code="z">Wabash.</subfield><subfield code="2">fast</subfield><subfield code="0">(OCoLC)fst01218139</subfield></datafield><datafield ind1=" " ind2="7" tag="651"><subfield code="a">Indiana</subfield><subfield code="z">Wabash County.</subfield><subfield code="2">fast</subfield><subfield code="0">(OCoLC)fst01218140</subfield></datafield><datafield ind1=" " ind2=" " tag="752"><subfield code="a">United States</subfield><subfield code="b">Indiana</subfield><subfield code="c">Wabash</subfield><subfield code="d">Wabash.</subfield></datafield><datafield ind1="1" ind2=" " tag="775"><subfield code="t">Wabash daily times</subfield><subfield code="w">(DLC)sn 87055467</subfield><subfield code="w">(OCoLC)15302246</subfield></datafield><datafield ind1="0" ind2="7" tag="785"><subfield code="t">Wabash star</subfield><subfield code="w">(DLC)sn 87055446</subfield><subfield code="w">(OCoLC)15301961</subfield></datafield><datafield ind1="0" ind2="7" tag="785"><subfield code="t">Wabash times-star</subfield><subfield code="w">(DLC)sn 87055447</subfield><subfield code="w">(OCoLC)15302070</subfield></datafield></record>